<record><leader>00000cas a22000007a 4500</leader><controlfield tag="001">36681060</controlfield><controlfield tag="008">970404c19979999paubr ne      0   a0eng c</controlfield><controlfield tag="009">467</controlfield><datafield ind1=" " ind2=" " tag="010"><subfield code="a">sn 97005950 </subfield></datafield><datafield ind1=" " ind2=" " tag="040"><subfield code="a">NSD</subfield><subfield code="b">eng</subfield><subfield code="c">NSD</subfield><subfield code="d">OCLCQ</subfield></datafield><datafield ind1=" " ind2=" " tag="012"><subfield code="m">y</subfield></datafield><datafield ind1="0" ind2=" " tag="022"><subfield code="a">1093-4774</subfield><subfield code="l">1093-4774</subfield><subfield code="y">1072-4842</subfield><subfield code="2">1</subfield></datafield><datafield ind1=" " ind2=" " tag="032"><subfield code="a">010556</subfield><subfield code="b">USPS</subfield></datafield><datafield ind1=" " ind2=" " tag="037"><subfield code="b">Polish Union of U.S.A., P.O. Box 6660, Wilkes-Barre, PA  18703-0660</subfield></datafield><datafield ind1=" " ind2=" " tag="042"><subfield code="a">nsdp</subfield><subfield code="a">pcc</subfield></datafield><datafield ind1="1" ind2="0" tag="082"><subfield code="a">051</subfield><subfield code="2">12</subfield></datafield><datafield ind1="0" ind2=" " tag="210"><subfield code="a">Fratern. j.</subfield></datafield><datafield ind1=" " ind2="0" tag="222"><subfield code="a">Fraternal journal</subfield></datafield><datafield ind1="0" ind2="0" tag="245"><subfield code="a">Fraternal journal :</subfield><subfield code="b">official journal of the Polish Union of U.S.A.</subfield></datafield><datafield ind1="1" ind2="3" tag="246"><subfield code="a">Fraternal journal</subfield></datafield><datafield ind1=" " ind2=" " tag="260"><subfield code="a">Wilkes-Barre, PA :</subfield><subfield code="b">The Union,</subfield><subfield code="c">1997-</subfield></datafield><datafield ind1=" " ind2=" " tag="300"><subfield code="a">v.</subfield></datafield><datafield ind1=" " ind2=" " tag="310"><subfield code="a">Bimonthly</subfield></datafield><datafield ind1="0" ind2=" " tag="362"><subfield code="a">Vol. 5, no. 1 (Feb./Mar. 1997)-</subfield></datafield><datafield ind1=" " ind2=" " tag="500"><subfield code="a">Title from caption.</subfield></datafield><datafield ind1="2" ind2=" " tag="710"><subfield code="a">Polish Union of U.S.A.</subfield></datafield><datafield ind1="0" ind2="0" tag="780"><subfield code="t">Polish Union of U.S.A. fraternal journal</subfield><subfield code="x">1072-4842</subfield><subfield code="w">(DLC)sn   93005189</subfield></datafield></record>